
@misc{abadi_tensorflow:_2015,
	title = {{TensorFlow}: {Large}-scale machine learning on heterogeneous systems},
	url = {http://tensorflow.org/},
	author = {Abadi, Martin and Agarwal, Ashish and Barham, Paul and Brevdo, Eugene and Chen, Zhifeng and Citro, Craig and Corrado, Greg S. and Davis, Andy and Dean, Jeffrey and Devin, Matthieu},
	year = {2015},
	note = {Software available from tensorflow.org}
}