
@article{mnih_human-level_2015,
	title = {Human-level control through deep reinforcement learning},
	volume = {518},
	issn = {0028-0836, 1476-4687},
	url = {http://www.nature.com/doifinder/10.1038/nature14236},
	doi = {10.1038/nature14236},
	number = {7540},
	urldate = {2017-03-23},
	journal = {Nature},
	author = {Mnih, Volodymyr and Kavukcuoglu, Koray and Silver, David and Rusu, Andrei A. and Veness, Joel and Bellemare, Marc G. and Graves, Alex and Riedmiller, Martin and Fidjeland, Andreas K. and Ostrovski, Georg and Petersen, Stig and Beattie, Charles and Sadik, Amir and Antonoglou, Ioannis and King, Helen and Kumaran, Dharshan and Wierstra, Daan and Legg, Shane and Hassabis, Demis},
	month = feb,
	year = {2015},
	keywords = {read},
	pages = {529--533},
	file = {nature14236.pdf:C\:\\Users\\csten_000\\Dropbox\\Zotero\\storage\\PTGNDGFC\\nature14236.pdf:application/pdf}
}